@book{bib:Anslyn,
    author = {Eric V Anslyn and Dennis A Dougherty},
    title = {Modern Physical Organic Chemistry},
    publisher = {University Science Books},
    year = {2006}
}

@article{bib:WendlandtMechanism,
    author = {Alison E Wendlandt and Prithvi Vangal and Eric N Jacobsen},
    title = {Quaternary stereocentres via an enantioconvergent catalytic {S}\textsubscript{N}1 reaction},
    journal = {Nature},
    volume = {556},
    pages = {447-451},
    year = {2018},
    doi = {10.1038/s41586-018-0042-1}
}

@article{bib:computational,
    author = {Satoshi Takeuchi and Sanford Ruhman and Takao Tsuneda and Mahito Chiba and Tetsuya Taketsugu and Tahei Tahara},
    title = {Spectroscopic Tracking of Structural Evolution in Ultrafast Stilbene Photoisomerization},
    journal = {Science},
    volume = {322},
    number = {5904},
    pages = {1073-1077},
    year = {2008},
    doi = {10.1126/science.1160902}
}